
<record>
  <controlfield tag="001">866389</controlfield>
  <datafield tag="245" ind1=" " ind2=" ">
    <subfield code="a">The TOTEM T2 telescope based on triple-GEM chambers</subfield>
  </datafield>
  <datafield tag="024" ind1="7" ind2=" ">
    <subfield code="a">10.1016/j.nima.2009.07.006</subfield>
    <subfield code="2">DOI</subfield>
  </datafield>
  <datafield tag="035" ind1=" " ind2=" ">
    <subfield code="a">Bagliesi:2010zz</subfield>
    <subfield code="9">SPIRESTeX</subfield>
  </datafield>
  <datafield tag="035" ind1=" " ind2=" ">
    <subfield code="9">CDS</subfield>
    <subfield code="a">1290337</subfield>
  </datafield>
</record>